@inproceedings{comet,
 author = {Strande, Shawn M. and Cai, Haisong and Cooper, Trevor and Flammer, Karen and Irving, Christopher and von Laszewski, Gregor and Majumdar, Amit and Mishin, Dmistry and Papadopoulos, Philip and Pfeiffer, Wayne and Sinkovits, Robert S. and Tatineni, Mahidhar and Wagner, Rick and Wang, Fugang and Wilkins-Diehr, Nancy and Wolter, Nicole and Norman, Michael L.},
 title = {Comet: Tales from the Long Tail: Two Years In and 10,000 Users Later},
 booktitle = {Proceedings of the Practice and Experience in Advanced Research Computing 2017 on Sustainability, Success and Impact},
 series = {PEARC17},
 year = {2017},
 isbn = {978-1-4503-5272-7},
 location = {New Orleans, LA, USA},
 pages = {38:1--38:7},
 articleno = {38},
 numpages = {7},
 url = {http://doi.acm.org/10.1145/3093338.3093383},
 doi = {10.1145/3093338.3093383},
 acmid = {3093383},
 publisher = {ACM},
 address = {New York, NY, USA},
 keywords = {GPU, High performance computing, high throughput computing, parallel file system, science gateways, scientific applications, solid-state drive, user support, virtualization},
} 



@article{dyninst,
  author    = {Barton P. Miller and
               Mark D. Callaghan and
               Jonathan M. Cargille and
               Jeffrey K. Hollingsworth and
               R. Bruce Irvin and
               Karen L. Karavanic and
               Krishna Kunchithapadam and
               Tia Newhall},
  title     = {The Paradyn Parallel Performance Measurement Tool},
  journal   = {{IEEE} Computer},
  volume    = {28},
  number    = {11},
  pages     = {37--46},
  year      = {1995},
  url       = {https://doi.org/10.1109/2.471178},
  doi       = {10.1109/2.471178},
  timestamp = {Wed, 17 May 2017 10:56:48 +0200},
  biburl    = {http://dblp.org/rec/bib/journals/computer/MillerCCHIKKN95},
  bibsource = {dblp computer science bibliography, http://dblp.org}
}


@article{openss,
  author    = {Martin Schulz and
               Jim Galarowicz and
               Don Maghrak and
               William Hachfeld and
               David Montoya and
               Scott Cranford},
  title     = {Open {\(\vert\)} SpeedShop: An open source infrastructure for parallel
               performance analysis},
  journal   = {Scientific Programming},
  volume    = {16},
  number    = {2-3},
  pages     = {105--121},
  year      = {2008},
  url       = {https://doi.org/10.3233/SPR-2008-0256},
  doi       = {10.3233/SPR-2008-0256},
  timestamp = {Sun, 28 May 2017 13:22:10 +0200},
  biburl    = {http://dblp.org/rec/bib/journals/sp/SchulzGMHMC08},
  bibsource = {dblp computer science bibliography, http://dblp.org}
}



@inproceedings{vampirt,
 author = {Jurenz, Matthias and Brendel, Ronny and Knupfer, Andreas and Muller, Matthias and Nagel, Wolfgang E.},
 title = {Memory Allocation Tracing with VampirTrace},
 booktitle = {Proceedings of the 7th International Conference on Computational Science Part II},
 series = {ICCS '07},
 year = {2007},
 isbn = {978-3-540-72585-5},
 location = {Beijing, China},
 pages = {839--846},
 numpages = {8},
 doi = {10.1007/978-3-540-72586-2_118},
 acmid = {1418277},
 publisher = {Springer-Verlag},
 address = {Berlin, Heidelberg},
 keywords = {Memory Allocation, Performance Analysis, Tracing},
}



@InProceedings{cstg,
  author =    "D.C.B. de Oliveira and A. Humphrey and Q. Meng and
              Z. Rakamaric and M. Berzins and G.
              Gopalakrishnan",
  title =     "Systematic Debugging of Concurrent Systems Using
              Coalesced Stack Trace Graphs",
  booktitle = "Proceedings of the 27th International Workshop on
              Languages and Compilers for Parallel Computing
              ({LCPC})",
  year =      "2014",
  month =     "September",
  url =       "http://www.sci.utah.edu/publications/Oli2014a/OliveiraLCPC2014.pdf",
}




@inproceedings{stat,
  author    = {Dorian C. Arnold and
               Dong H. Ahn and
               Bronis R. de Supinski and
               Gregory L. Lee and
               Barton P. Miller and
               Martin Schulz},
  title     = {Stack Trace Analysis for Large Scale Debugging},
  booktitle = {Proceedings of the International Parallel and Distributed Processing Symposium (IPDPS)},
  year      = {2007},
  pages     = {1--10},
}



@article{tau,
 author = {Shende, Sameer S. and Malony, Allen D.},
 title = {The {Tau} Parallel Performance System},
 journal = {International Journal on High Performance Computer Applications},
 volume = {20},
 issue = {2},
 month = {May},
 year = {2006},
 issn = {1094-3420},
 pages = {287--311},
 numpages = {25},
 url = {http://portal.acm.org/citation.cfm?id=1125980.1125982},
 doi = {10.1177/1094342006064482},
 acmid = {1125982},
 publisher = {Sage Publications, Inc.},
 address = {Thousand Oaks, CA, USA},
 }



@inproceedings{scorep,
  author    = {Andreas Kn{\"{u}}pfer and
               Christian R{\"{o}}ssel and
               Dieter an Mey and
               Scott Biersdorff and
               Kai Diethelm and
               Dominic Eschweiler and
               Markus Geimer and
               Michael Gerndt and
               Daniel Lorenz and
               Allen D. Malony and
               Wolfgang E. Nagel and
               Yury Oleynik and
               Peter Philippen and
               Pavel Saviankou and
               Dirk Schmidl and
               Sameer Shende and
               Ronny Tsch{\"{u}}ter and
               Michael Wagner and
               Bert Wesarg and
               Felix Wolf},
  title     = {Score-P: {A} Joint Performance Measurement Run-Time Infrastructure
               for Periscope, Scalasca, TAU, and Vampir},
  booktitle = {Tools for High Performance Computing 2011 - Proceedings of the 5th
               International Workshop on Parallel Tools for High Performance Computing,
               ZIH, Dresden, September 2011},
  pages     = {79--91},
  year      = {2011},
  timestamp = {Fri, 26 May 2017 00:49:33 +0200},
  biburl    = {http://dblp.org/rec/bib/conf/ptw/KnupferRMBDEGGLMNOPSSSTWWW11},
  bibsource = {dblp computer science bibliography, http://dblp.org}
}

@article{valgrind,
  author    = {Nicholas Nethercote and
               Julian Seward},
  title     = {Valgrind: {A} Program Supervision Framework},
  journal   = {Electr. Notes Theor. Comput. Sci.},
  volume    = {89},
  number    = {2},
  pages     = {44--66},
  year      = {2003},
  url       = {https://doi.org/10.1016/S1571-0661(04)81042-9},
  doi       = {10.1016/S1571-0661(04)81042-9},
  timestamp = {Sun, 28 May 2017 13:22:57 +0200},
  biburl    = {http://dblp.org/rec/bib/journals/entcs/NethercoteS03},
  bibsource = {dblp computer science bibliography, http://dblp.org}
}


@inproceedings{callgrind,
  author    = {Josef Weidendorfer},
  title     = {Sequential Performance Analysis with Callgrind and KCachegrind},
  booktitle = {Tools for High Performance Computing - Proceedings of the 2nd International
               Workshop on Parallel Tools for High Performance Computing, July 2008,
               HLRS, Stuttgart},
  pages     = {93--113},
  year      = {2008},
  doi       = {10.1007/978-3-540-68564-7_7},
  timestamp = {Fri, 26 May 2017 00:49:33 +0200},
  biburl    = {http://dblp.org/rec/bib/conf/ptw/Weidendorfer08},
  bibsource = {dblp computer science bibliography, http://dblp.org}
}



@inproceedings{automaded,
  author = {Bronevetsky, G. and Laguna, I. and Bagchi, S. and de Supinski, B.R. and Ahn, D.H. and Schulz, M.},
  booktitle = {Proceedings of the IEEE/IFIP International Conference on Dependable Systems and Networks (DSN)},
  title = {{AutomaDeD}: Automata-Based Debugging for Dissimilar Parallel Tasks},
  year={2010},
  pages={231--240},
}


@article{hpc-toolkit,
  author = {Adhianto, L. and Banerjee, S. and Fagan, M. and Krentel, M. and Marin, G. and Mellor-Crummey, J. and Tallent, N. R.},
  title = {{HPCToolkit}: Tools for Performance Analysis of Optimized Parallel Programs},
  journal = {Concurrency and Computation: Practice and Experience},
  volume = {22},
  number = {6},
  pages = {685--701},
  year = {2010},
}


@inproceedings{pin,
 author = {Luk, Chi-Keung and Cohn, Robert and Muth, Robert and Patil, Harish and Klauser, Artur and Lowney, Geoff and Wallace, Steven and Reddi, Vijay Janapa and Hazelwood, Kim},
 title = {Pin: Building Customized Program Analysis Tools with Dynamic Instrumentation},
 booktitle = {Proceedings of the 2005 ACM SIGPLAN Conference on Programming Language Design and Implementation},
 series = {PLDI '05},
 year = {2005},
 isbn = {1-59593-056-6},
 location = {Chicago, IL, USA},
 pages = {190--200},
 numpages = {11},
 doi = {10.1145/1065010.1065034},
 acmid = {1065034},
 publisher = {ACM},
 address = {New York, NY, USA},
 keywords = {dynamic compilation, instrumentation, program analysis tools},
} 


@inproceedings{ipm,
  author    = {Karl F{\"{u}}rlinger and
               Nicholas J. Wright and
               David Skinner},
  title     = {Performance Analysis and Workload Characterization with {IPM}},
  booktitle = {Tools for High Performance Computing 2009 - Proceedings of the 3rd
               International Workshop on Parallel Tools for High Performance Computing,
               September 2009, ZIH, Dresden},
  pages     = {31--38},
  year      = {2009},
  doi       = {10.1007/978-3-642-11261-4_3},
  timestamp = {Fri, 26 May 2017 00:49:33 +0200},
  biburl    = {http://dblp.org/rec/bib/conf/ptw/FurlingerWS09},
}



@article{eventflowgraph,
title = "Online MPI Trace Compression Using Event Flow Graphs and Wavelets",
journal = "Procedia Computer Science",
volume = "80",
number = "Supplement C",
pages = "1497 - 1506",
year = "2016",
note = "International Conference on Computational Science 2016, ICCS 2016, 6-8 June 2016, San Diego, California, USA",
issn = "1877-0509",
doi = "https://doi.org/10.1016/j.procs.2016.05.471",
author = "Xavier Aguilar and Karl FÃ¼rlinger and Erwin Laure",
keywords = "MPI performance monitoring",
keywords = "event flow graphs",
keywords = "trace compression",
keywords = "wavelets",
keywords = "EZW coding"
}

@article{scalatrace,
title = "ScalaTrace: Scalable compression and replay of communication traces for high-performance computing",
journal = "Journal of Parallel and Distributed Computing",
volume = "69",
number = "8",
pages = "696 - 710",
year = "2009",
note = "Best Paper Awards: 21st International Parallel and Distributed Processing Symposium (IPDPS 2007)",
issn = "0743-7315",
doi = "https://doi.org/10.1016/j.jpdc.2008.09.001",
author = "Michael Noeth and Prasun Ratn and Frank Mueller and Martin Schulz and Bronis R. de Supinski",
keywords = "High-performance computing",
keywords = "Scalability",
keywords = "Communication tracing"
}


@Inbook{freitag,
author="Freitag, Felix
and Caubet, Jordi
and Labarta, Jesus",
editor="Monien, Burkhard
and Feldmann, Rainer",
title="On the Scalability of Tracing Mechanisms",
bookTitle="Euro-Par 2002 Parallel Processing: 8th International Euro-Par Conference Paderborn, Germany, August 27--30, 2002 Proceedings",
year="2002",
publisher="Springer Berlin Heidelberg",
address="Berlin, Heidelberg",
pages="97--104",
isbn="978-3-540-45706-0",
doi="10.1007/3-540-45706-2_10",
}

@online{pinurl,
  author = {Intel},
  title = {Pin, A Dynamic Binary Instrumentation},
  url = {https://software.intel.com/en-us/articles/pin-a-dynamic-binary-instrumentation-tool},
  urldate = {2017-10-22}
}



@online{ddt,
  author = {Allinea, Arm},
  title = {Allinea DDT},
  url = {https://www.allinea.com/products/ddt},
  urldate = {2017-10-22}
}

@inproceedings{nas,
 author = {Bailey, D. H. and Barszcz, E. and Barton, J. T. and Browning, D. S. and Carter, R. L. and Dagum, L. and Fatoohi, R. A. and Frederickson, P. O. and Lasinski, T. A. and Schreiber, R. S. and Simon, H. D. and Venkatakrishnan, V. and Weeratunga, S. K.},
 title = {The NAS Parallel Benchmarks\&Mdash;Summary and Preliminary Results},
 booktitle = {Proceedings of the 1991 ACM/IEEE Conference on Supercomputing},
 series = {Supercomputing '91},
 year = {1991},
 isbn = {0-89791-459-7},
 location = {Albuquerque, New Mexico, USA},
 pages = {158--165},
 numpages = {8},
 doi = {10.1145/125826.125925},
 acmid = {125925},
 publisher = {ACM},
 address = {New York, NY, USA},
} 


@online{tacc,
 author = {University of Texas at Austin, TACC},
  title = {TACC Stampede},
  url = {hhttp://www.tacc.utexas.edu},
  urldate = {2017-10-22}
}





@INPROCEEDINGS{archer, 
author={S. Atzeni and G. Gopalakrishnan and Z. Rakamaric and D. H. Ahn and I. Laguna and M. Schulz and G. L. Lee and J. Protze and M. S. MÃ¼ller}, 
booktitle={2016 IEEE International Parallel and Distributed Processing Symposium (IPDPS)}, 
title={ARCHER: Effectively Spotting Data Races in Large OpenMP Applications}, 
year={2016}, 
volume={}, 
number={}, 
pages={53-62}, 
keywords={application program interfaces;parallel processing;program diagnostics;ARCHER;HPC;OpenMP application;data race checker;dynamic analysis;high performance computing;static analysis;structured parallelism;Benchmark testing;Instruments;Parallel processing;Runtime;Scalability;Synchronization;Xenon;OpenMP;data race detection;dynamic analysis;high performance computing;static analysis}, 
doi={10.1109/IPDPS.2016.68}, 
ISSN={1530-2075}, 
month={May}
}